<record><leader>00000cas a2200000 a 4500</leader><controlfield tag="001">52768844</controlfield><controlfield tag="008">030801d19741980iluwr ne      0   a0eng c</controlfield><datafield ind1=" " ind2=" " tag="010"><subfield code="a">sn2003060729</subfield></datafield><datafield ind1=" " ind2=" " tag="040"><subfield code="a">CVF</subfield><subfield code="b">eng</subfield><subfield code="c">CVF</subfield><subfield code="d">OCLCQ</subfield><subfield code="d">OCLCF</subfield><subfield code="d">OCLCO</subfield><subfield code="d">NVF</subfield><subfield code="d">OCLCO</subfield><subfield code="d">OCL</subfield></datafield><datafield ind1=" " ind2=" " tag="042"><subfield code="a">pcc</subfield></datafield><datafield ind1=" " ind2=" " tag="043"><subfield code="a">n-us-il</subfield></datafield><datafield ind1="0" ind2="0" tag="245"><subfield code="a">Fox Valley sentinel.</subfield></datafield><datafield ind1=" " ind2=" " tag="260"><subfield code="a">Oswego, Ill. :</subfield><subfield code="b">Eier Pub. Co.,</subfield><subfield code="c">1974-1980.</subfield></datafield><datafield ind1=" " ind2=" " tag="300"><subfield code="a">v.</subfield></datafield><datafield ind1=" " ind2=" " tag="310"><subfield code="a">Weekly</subfield></datafield><datafield ind1="0" ind2=" " tag="362"><subfield code="a">Vol. 1, no. 1 (Nov. 28, 1974)-v. 6, no. 33 (July 24, 1980).</subfield></datafield><datafield ind1=" " ind2=" " tag="580"><subfield code="a">Merged with: Oswego ledger, to form: Ledger-sentinel.</subfield></datafield><datafield ind1=" " ind2="0" tag="651"><subfield code="a">Oswego (Ill.)</subfield><subfield code="v">Newspapers.</subfield></datafield><datafield ind1=" " ind2="0" tag="651"><subfield code="a">Kendall County (Ill.)</subfield><subfield code="v">Newspapers.</subfield></datafield><datafield ind1=" " ind2="7" tag="651"><subfield code="a">Illinois</subfield><subfield code="z">Kendall County</subfield><subfield code="2">fast</subfield><subfield code="0">(OCoLC)fst01213236</subfield></datafield><datafield ind1=" " ind2="7" tag="651"><subfield code="a">Illinois</subfield><subfield code="z">Oswego.</subfield><subfield code="2">fast</subfield><subfield code="0">(OCoLC)fst01226740</subfield></datafield><datafield ind1=" " ind2="7" tag="655"><subfield code="a">Newspapers.</subfield><subfield code="2">fast</subfield><subfield code="0">(OCoLC)fst01423814</subfield></datafield><datafield ind1=" " ind2=" " tag="752"><subfield code="a">United States</subfield><subfield code="b">Illinois</subfield><subfield code="c">Kendall</subfield><subfield code="d">Oswego.</subfield></datafield><datafield ind1="1" ind2="7" tag="785"><subfield code="t">Oswego ledger</subfield><subfield code="w">(DLC)sn2003060728</subfield><subfield code="w">(OCoLC)52768564</subfield></datafield><datafield ind1="1" ind2="7" tag="785"><subfield code="t">Ledger-sentinel</subfield><subfield code="w">(DLC)sn2003060730</subfield><subfield code="w">(OCoLC)52769163</subfield></datafield><datafield ind1="1" ind2=" " tag="029"><subfield code="a">AU@</subfield><subfield code="b">000024837305</subfield></datafield></record>